@BOOK {dimitrismanolakivvinayingle2011,
    author    = {Dimitris Manolakiv and Vinay Ingle},
    title     = {Applied Digital Signal Processing},
    publisher = {Cambridge University Press, New York},
    year      = {2011},
    edition   = {fifth}
}